@booklet{ess_folder,
    author = {Lefmann, Kim and Rønne, Mikkel and Klinkby, Esben},
    title = {European Spallation Source - Fremstilling og anvendelse af neutroner},
    date = {February 2016},
}

@book{lefmann_arleth_kirkensgaard_lebech_thomsen, title={Neutron Scattering: Theory, Instrumentation, and Simulation}, author={Lefmann, Kim and Arleth, Lise and Kirkensgaard, Jacob and Lebech, Bente and Thomsen, Maria}}

 @misc{ wiki:monte_carlo,
    author = "Wikipedia",
    title = "Monte Carlo method --- Wikipedia{,} The Free Encyclopedia",
    year = "2017",
    howpublished = { \url{https://en.wikipedia.org/w/index.php?title=Monte_Carlo_method&oldid=769454487} },
    note = "[Online; accessed 13-March-2017]"
}

@online{github:st_vs_el,
    author = {Hyatt, Jonas Peter and Birkemose, Jens Walter and Svejstrup, Waldemar},
    title = {Straight versus elliptical},
    date = {13-03-2017},
    howpublished = { \url{https://github.com/hyatt03/Foersteaarsprojekt/blob/master/st_vs_el.instr}},
}

@online{github:ess_sim_simple,
    author = {Hyatt, Jonas Peter and Birkemose, Jens Walter and Svejstrup, Waldemar},
    title = {ESS simulation simple},
    date = {13-03-2017},
    howpublished = { \url{https://github.com/hyatt03/Foersteaarsprojekt/blob/master/ess_sim_simple.instr}},
}

@online{github:ess_brill_optimized,
    author = {Hyatt, Jonas Peter and Birkemose, Jens Walter and Svejstrup, Waldemar},
    title = {ESS brilliance optimized},
    date = {13-03-2017},
    howpublished = { \url{https://github.com/hyatt03/Foersteaarsprojekt/blob/master/ess_brill_optimized.instr}},
}


@thesis{thesis:sonja,
    author = {Sonja Lindahl Holm},
    title = {Heimdal, A powerful instrument for material science},
    type = {Master Thesis},
    institution = {Copenhagen University},
    date = {October 16, 2013},
}


@report{report:ess_optimizations,
    author = {Olsen, Martin and Holm, Sonja L. and Birk, Jonas O. and Lefmann, Kim},
    title = {Optimizations of the long neutron guides for the ESS instruments HEIMDAL and BIFROST},
    type = {Internal Report},
    institution = {University of Copenhagen},
    date = {09-03-2017},
}

@article{Kleno201275,
    title = "Systematic performance study of common neutron guide geometries ",
    journal = "Nuclear Instruments and Methods in Physics Research Section A: Accelerators, Spectrometers, Detectors and Associated Equipment ",
    volume = "696",
    number = "",
    pages = "75 - 84",
    year = "2012",
    note = "",
    issn = "0168-9002",
    doi = "http://dx.doi.org/10.1016/j.nima.2012.08.027",
    url = "http://www.sciencedirect.com/science/article/pii/S0168900212008959",
    author = "Kaspar Hewitt Klenø and Klaus Lieutenant and Ken H. Andersen and Kim Lefmann",
    keywords = "Neutron guides",
    keywords = "Ray tracing",
    keywords = "Monte Carlo",
    keywords = "Neutron scattering",
    keywords = "European Spallation Source",
    keywords = "Elliptic guides "
}

@article{Jacobsen201369,
    title = "Bi-spectral extraction through elliptic neutron guides ",
    journal = "Nuclear Instruments and Methods in Physics Research Section A: Accelerators, Spectrometers, Detectors and Associated Equipment ",
    volume = "717",
    number = "",
    pages = "69 - 76",
    year = "2013",
    note = "",
    issn = "0168-9002",
    doi = "http://dx.doi.org/10.1016/j.nima.2013.03.048",
    url = "http://www.sciencedirect.com/science/article/pii/S0168900213003537",
    author = "Henrik Jacobsen and Klaus Lieutenant and Carolin Zendler and Kim Lefmann",
    keywords = "Bi-spectral neutron beam extraction",
    keywords = "Neutron instrumentation",
    keywords = "Supermirror",
    keywords = "Elliptic neutron guide",
    keywords = "McStas",
    keywords = "VITESS "
}

@article{doi:10.1080/10448639908233684,
    author = { Kim   Lefmann  and  Kristian   Nielsen },
    title = {McStas, a general software package for neutron ray-tracing simulations},
    journal = {Neutron News},
    volume = {10},
    number = {3},
    pages = {20-23},
    year = {1999},
    doi = {10.1080/10448639908233684},
    
    URL = { 
    http://dx.doi.org/10.1080/10448639908233684
    
    },
    eprint = { 
    http://dx.doi.org/10.1080/10448639908233684
    
    }
    
}

@thesis{Kaspar_PhD,
    author = {Kaspar Hewitt Klenø},
    title = {Exploration of the Challenges of Neutron Optics and Instrumentation at Long Pulsed Spallation Sources},
    type = {PhD},
    institution = {University of Copenhagen},
    date = {September 2013},
}

@online{ess_hjemmeside,
    author = {ESS},
    title = {European Spallation Source},
    date = {15-03-2017},
    url = {https://europeanspallationsource.se/},
}

